
@misc{eset,
    author			= {Sabrina Pagnotta},
    title			= {Un estudiante irá preso por vender un keylogger que infectó a 16.000 personas},
    howpublished	= {\path{https://www.welivesecurity.com/la-es/2017/01/16/preso-crear-vender-un-keylogger/}},
    year			= {2017},
    note			= {Accedido en Mayo de 2024},
    language        = {español},
}

@misc{TecnoXplora,
    author			= {Jorge Sanz Fernandez},
    title			= {CovidLock, la 'app' de Android que promete información sobre el coronavirus y que secuestra tu teléfono},
    howpublished	= {\path{https://www.lasexta.com/tecnologia-tecnoxplora/apps/covidlock-app-android-que-promete-informacion-coronavirus-que-secuestra-telefono_202003165e6f9e5677b6810001ac1a7b.html}},
    year			= {2020},
    note			= {Accedido en Mayo de 2024},
    language        = {español},
}

@misc{santander,
    author			= {Santander},
    title			= {Cómo evitar los virus informáticos},
    howpublished	= {\path{https://www.santander.com/es/stories/como-evitar-los-virus-informaticos#:~:text=Nunca%20abras%20un%20archivo%20sin,seguridad%20de%20tus%20archivos%20peri%C3%B3dicamente.}},
    year			= {2022},
    note			= {Accedido en Mayo de 2024},
    language        = {español},
}

@misc{avast,
    author			= {Avast},
    title			= {¿Qué es WannaCry?},
    howpublished	= {\path{https://www.avast.com/es-es/c-wannacry#:~:text=El%20ransomware%20conocido%20como%20WannaCry,a%20agencias%20gubernamentales%20y%20hospitales.}},
    year			= {2020},
    note			= {Accedido en Mayo de 2024},
    language        = {español},
}

@article{galeano2023numero,
  title={El n{\'u}mero de usuarios de internet en el mundo crece un 1, 9\% y alcanza los 5.160 millones (2023)},
  author={Galeano, Susana},
  journal={Obtenido de https://marketing4ecommerce. net/usuarios-de-internet-mundo},
  year={2023}
}

@online{youtube,
        title = {¡ASÍ fue el PRIMER VIRUS que AMENAZÓ todo INTERNET!},
        date = {2023},
        organization = {Youtube},
        author = {s4vitar},
        url = {https://www.youtube.com/watch?v=-IEAQja5ziI},
}

@online{UI1,
        title = {Pegasus: qué es y cómo funciona este software espía},
        date = {2023},
        organization = {Universidad Isabel I},
        author = {Facultad de Ciencias y Tecnologia},
        url = {https://www.ui1.es/blog-ui1/pegasus-que-es-y-como-funciona-este-software-espia#:~:text=Pegasus%20es%20un%20spyware%20que,d%C3%B3nde%20se%20encuentra%20el%20propietario.},
}

@online{youtube2,
        title = {Enviar Correos Con Python [Metodo 2023]},
        date = {2023},
        organization = {Youtube},
        author = {Quant Dani},
        url = {https://www.youtube.com/watch?v=oPAo8Hh8bj0},
}

@misc{RZ,
    author			= {Javier Jimenez},
    title			= {Crea un keylogger con el Bloc de notas},
    howpublished	= {\path{https://www.redeszone.net/tutoriales/seguridad/crear-keylogger-windows/}},
    year			= {2024},
    note			= {Accedido en Mayo de 2024},
    language        = {español},
}

@misc{kaspersky,
    author			= {kaspersky},
    title			= {¿Qué es el registro de pulsaciones de teclas y keyloggers?},
    howpublished	= {\path{https://latam.kaspersky.com/resource-center/definitions/keylogger}},
    year			= {2024},
    note			= {Accedido en Mayo de 2024},
    language        = {español},
}